@article{eigen2014depth,
  title   = {Depth map prediction from a single image using a multi-scale deep network},
  author  = {Eigen, David and Puhrsch, Christian and Fergus, Rob},
  journal = {Advances in neural information processing systems},
  volume  = {27},
  year    = {2014}
}

@inproceedings{godard2017unsupervised,
  title     = {Unsupervised monocular depth estimation with left-right consistency},
  author    = {Godard, Cl{\'e}ment and Mac Aodha, Oisin and Brostow, Gabriel J},
  booktitle = {Proceedings of the IEEE conference on computer vision and pattern recognition},
  pages     = {270--279},
  year      = {2017}
}


@article{gurram2023metrics,
  title   = {On the metrics for evaluating monocular depth estimation},
  author  = {Gurram, Akhil and Lopez, Antonio M},
  journal = {arXiv preprint arXiv:2302.10007},
  year    = {2023}
}

@inproceedings{geiger2012we,
  title        = {Are we ready for autonomous driving? the kitti vision benchmark suite},
  author       = {Geiger, Andreas and Lenz, Philip and Urtasun, Raquel},
  booktitle    = {2012 IEEE conference on computer vision and pattern recognition},
  pages        = {3354--3361},
  year         = {2012},
  organization = {IEEE}
}


@inproceedings{silberman2012indoor,
  title        = {Indoor segmentation and support inference from rgbd images},
  author       = {Silberman, Nathan and Hoiem, Derek and Kohli, Pushmeet and Fergus, Rob},
  booktitle    = {European conference on computer vision},
  pages        = {746--760},
  year         = {2012},
  organization = {Springer}
}

@article{scharstein2002taxonomy,
  title     = {A taxonomy and evaluation of dense two-frame stereo correspondence algorithms},
  author    = {Scharstein, Daniel and Szeliski, Richard},
  journal   = {International journal of computer vision},
  volume    = {47},
  number    = {1},
  pages     = {7--42},
  year      = {2002},
  publisher = {Springer}
}


@book{hartley2003multiple,
  title     = {Multiple view geometry in computer vision},
  author    = {Hartley, Richard and Zisserman, Andrew},
  year      = {2003},
  publisher = {Cambridge university press}
}

@article{pentland1987new,
  title     = {A new sense for depth of field},
  author    = {Pentland, Alex Paul},
  journal   = {IEEE transactions on pattern analysis and machine intelligence},
  number    = {4},
  pages     = {523--531},
  year      = {1987},
  publisher = {IEEE}
}

@inproceedings{ronneberger2015u,
  title        = {U-net: Convolutional networks for biomedical image segmentation},
  author       = {Ronneberger, Olaf and Fischer, Philipp and Brox, Thomas},
  booktitle    = {International Conference on Medical image computing and computer-assisted intervention},
  pages        = {234--241},
  year         = {2015},
  organization = {Springer}
}

@inproceedings{ranftl2021vision,
  title     = {Vision transformers for dense prediction},
  author    = {Ranftl, Ren{\'e} and Bochkovskiy, Alexey and Koltun, Vladlen},
  booktitle = {Proceedings of the IEEE/CVF international conference on computer vision},
  pages     = {12179--12188},
  year      = {2021}
}

@article{xu2022unsupervised,
  title     = {Unsupervised learning of depth estimation and camera pose with multi-scale GANs},
  author    = {Xu, Yufan and Wang, Yan and Huang, Rui and Lei, Zeyu and Yang, Junyao and Li, Zijian},
  journal   = {IEEE Transactions on Intelligent Transportation Systems},
  volume    = {23},
  number    = {10},
  pages     = {17039--17047},
  year      = {2022},
  publisher = {IEEE}
}

@inproceedings{yao2018mvsnet,
  title     = {Mvsnet: Depth inference for unstructured multi-view stereo},
  author    = {Yao, Yao and Luo, Zixin and Li, Shiwei and Fang, Tian and Quan, Long},
  booktitle = {Proceedings of the European conference on computer vision (ECCV)},
  pages     = {767--783},
  year      = {2018}
}

@article{saxena20083,
  title     = {3-d depth reconstruction from a single still image},
  author    = {Saxena, Ashutosh and Chung, Sung H and Ng, Andrew Y},
  journal   = {International journal of computer vision},
  volume    = {76},
  number    = {1},
  pages     = {53--69},
  year      = {2008},
  publisher = {Springer}
}

@inproceedings{cordts2016cityscapes,
  title     = {The cityscapes dataset for semantic urban scene understanding},
  author    = {Cordts, Marius and Omran, Mohamed and Ramos, Sebastian and Rehfeld, Timo and Enzweiler, Markus and Benenson, Rodrigo and Franke, Uwe and Roth, Stefan and Schiele, Bernt},
  booktitle = {Proceedings of the IEEE conference on computer vision and pattern recognition},
  pages     = {3213--3223},
  year      = {2016}
}

@inproceedings{yang2024depth,
  title     = {Depth anything: Unleashing the power of large-scale unlabeled data},
  author    = {Yang, Lihe and Kang, Bingyi and Huang, Zilong and Xu, Xiaogang and Feng, Jiashi and Zhao, Hengshuang},
  booktitle = {Proceedings of the IEEE/CVF conference on computer vision and pattern recognition},
  pages     = {10371--10381},
  year      = {2024}
}

@article{he2025distill,
  title   = {Distill any depth: Distillation creates a stronger monocular depth estimator},
  author  = {He, Xiankang and Guo, Dongyan and Li, Hongji and Li, Ruibo and Cui, Ying and Zhang, Chi},
  journal = {arXiv preprint arXiv:2502.19204},
  year    = {2025}
}

@article{hinton2015distilling,
  title   = {Distilling the knowledge in a neural network},
  author  = {Hinton, Geoffrey and Vinyals, Oriol and Dean, Jeff},
  journal = {arXiv preprint arXiv:1503.02531},
  year    = {2015}
}

@article{hu2023teacher,
  title   = {Teacher-student architecture for knowledge distillation: A survey},
  author  = {Hu, Chengming and Li, Xuan and Liu, Dan and Wu, Haolun and Chen, Xi and Wang, Ju and Liu, Xue},
  journal = {arXiv preprint arXiv:2308.04268},
  year    = {2023}
}

@inproceedings{li2018megadepth,
  title     = {Megadepth: Learning single-view depth prediction from internet photos},
  author    = {Li, Zhengqi and Snavely, Noah},
  booktitle = {Proceedings of the IEEE conference on computer vision and pattern recognition},
  pages     = {2041--2050},
  year      = {2018}
}

@article{yang2024depthV2,
  title   = {Depth anything v2},
  author  = {Yang, Lihe and Kang, Bingyi and Huang, Zilong and Zhao, Zhen and Xu, Xiaogang and Feng, Jiashi and Zhao, Hengshuang},
  journal = {Advances in Neural Information Processing Systems},
  volume  = {37},
  pages   = {21875--21911},
  year    = {2024}
}

@article{mehta2021mobilevit,
  title   = {Mobilevit: light-weight, general-purpose, and mobile-friendly vision transformer},
  author  = {Mehta, Sachin and Rastegari, Mohammad},
  journal = {arXiv preprint arXiv:2110.02178},
  year    = {2021}
}

@incollection{koonce2021mobilenetv3,
  title     = {MobileNetV3},
  author    = {Koonce, Brett},
  booktitle = {Convolutional neural networks with swift for tensorflow: image recognition and dataset categorization},
  pages     = {125--144},
  year      = {2021},
  publisher = {Springer}
}

@inproceedings{lin2014microsoft,
  title        = {Microsoft coco: Common objects in context},
  author       = {Lin, Tsung-Yi and Maire, Michael and Belongie, Serge and Hays, James and Perona, Pietro and Ramanan, Deva and Doll{\'a}r, Piotr and Zitnick, C Lawrence},
  booktitle    = {European conference on computer vision},
  pages        = {740--755},
  year         = {2014},
  organization = {Springer}
}

@incollection{koonce2021efficientnet,
  title     = {EfficientNet},
  author    = {Koonce, Brett},
  booktitle = {Convolutional neural networks with swift for Tensorflow: image recognition and dataset categorization},
  pages     = {109--123},
  year      = {2021},
  publisher = {Springer}
}